@article{bretthauer2001open,
  title={Open source software: A history},
  author={Bretthauer, David},
  year={2001}
}
@article{stallman2009viewpoint,
  title={Viewpoint Why" open source" misses the point of free software},
  author={Stallman, Richard},
  journal={Communications of the ACM},
  volume={52},
  number={6},
  pages={31--33},
  year={2009},
  publisher={ACM New York, NY, USA}
}
@article{hall2016open,
  title={Open-source licensing and business models: Making money by giving it away},
  author={Hall, Andrew J},
  journal={Santa Clara Computer \& High Tech. LJ},
  volume={33},
  pages={427},
  year={2016},
  publisher={HeinOnline}
}

@MISC{GNUDOTORG:1,
    HOWPUBLISHED = "\url{https://www.gnu.org/philosophy/free-sw.html.en}",
    AUTHOR = "GNU",
    TITLE = "What is Free Software?",
}

@MISC{GNUDOTORG:2,
    HOWPUBLISHED = "\url{https://www.gnu.org}",
    AUTHOR = "GNU",
    TITLE = "GNU Website",
}

@MISC{GNUDOTORG:3,
    HOWPUBLISHED = "\url{https://www.gnu.org/philosophy/open-source-misses-the-point.html}",
    AUTHOR = "Richard Stallman",
    TITLE = "Why Open Source Misses the Point of Free Software",
}

@MISC{GNUDOTORG:4,
    HOWPUBLISHED = "\url{https://www.gnu.org/philosophy/fs-motives.html}",
    AUTHOR = "GNU",
    TITLE = "Motives For Writing Free Software",
}

@MISC{GNUDOTORG:5,
    HOWPUBLISHED = "\url{https://www.gnu.org/licenses/copyleft.html}",
    AUTHOR = "GNU",
    TITLE = "What is Copyleft?",
}
@MISC{OSIWEBSITE:1,
    HOWPUBLISHED = "\url{https://opensource.org/osd}",
    AUTHOR = "Open Source Initiative",
    TITLE = "The Open Source Definition",
    YEAR = "2007",
}
@MISC{OSIWEBSITE:2,
    HOWPUBLISHED = "\url{https://opensource.org/history}",
    AUTHOR = "Open Source Initiative",
    TITLE = "The Open Source History",
}

@MISC{OSIWEBSITE:3,
    HOWPUBLISHED = "\url{https://opensource.org/about}",
    AUTHOR = "Open Source Initiative",
    TITLE = "About the Open Source Initiative",
}

@MISC{OSIWEBSITE:4,
    HOWPUBLISHED = "\url{https://opensource.org/logo-usage-guidelines}",
    AUTHOR = "Open Source Initiative",
    TITLE = "Logo Usage Guidelines",
}

@MISC{OSIWEBSITE:5,
    HOWPUBLISHED = "\url{https://opensource.org/faq}",
    AUTHOR = "Open Source Initiative",
    TITLE = "Frequently Answered Questions",
}

@MISC{OSIWEBSITE:6,
    HOWPUBLISHED = "\url{https://opensource.org/licenses}",
    AUTHOR = "Open Source Initiative",
    TITLE = "Popular Licenses",
}

@MISC{make-money-oss,
    HOWPUBLISHED = "\url{https://inoxoft.com/blog/how-to-make-money-with-open-source-software/}",
    AUTHOR = "Nazar Kvartalnyi",
    TITLE = "HOW TO MAKE MONEY WITH OPEN SOURCE SOFTWARE?",
}

@MISC{softwareLibre,
    HOWPUBLISHED = "\url{https://codingornot.com/cultura-libre-software-libre}",
    AUTHOR = "Miriam Garc√≠a",
    TITLE = "Cultura libre: software libre",
    YEAR = "2017",
}

@MISC{bruseperensPhoto,
    HOWPUBLISHED = "\url{https://en.wikipedia.org/wiki/Bruce_Perens}",
    AUTHOR = "Wikipedia",
    TITLE = "Bruce Perens",
}

@MISC{ericRaymondPhoto,
    HOWPUBLISHED = "\url{http://techrights.org/wp-content/uploads/2010/05/Eric-Raymond-Mug.jpg}",
    AUTHOR = "Tech Rights",
    TITLE = "Eric S. Raymond",
}

@MISC{rmstedx,
    HOWPUBLISHED = "\url{https://www.fsf.org/blogs/rms/20140407-geneva-tedx-talk-free-software-free-society}",
    AUTHOR = "Free Software Foundation",
    TITLE = "Richard Stallman's TEDx video: Introduction to Free Software and the Liberation of Cyberspace",
}


@MISC{tivoPhoto,
    HOWPUBLISHED = "\url{https://en.wikipedia.org/wiki/TiVo}",
    AUTHOR = "Wikipedia",
    TITLE = "TiVo",
}
@MISC{androidPhoto,
    HOWPUBLISHED = "\url{https://en.wikipedia.org/wiki/Android_(operating_system)}",
    AUTHOR = "Wikipedia",
    TITLE = "Android",
}

@MISC{linus-torvaldsPhoto,
    HOWPUBLISHED = "\url{https://en.wikipedia.org/wiki/Linus_Torvalds}",
    AUTHOR = "Wikipedia",
    TITLE = "Linus Torvalds",
}

@MISC{copyleftsymbol,
    HOWPUBLISHED = "\url{https://en.wikipedia.org/wiki/Copyleft}",
    AUTHOR = "Wikipedia",
    TITLE = "Copyleft",
}

@MISC{permissive-licensesExpamles,
    HOWPUBLISHED = "\url{https://fossa.com/blog/content/images/2021/06/Permissive-Licenses.png}",
    AUTHOR = "Fossa",
    TITLE = "Permissive Licenses Examples",
}
@MISC{gplLogo,
    HOWPUBLISHED = "\url{https://en.wikipedia.org/wiki/GNU_General_Public_License}",
    AUTHOR = "Wikipedia",
    TITLE = "GNU General Public License",
}
@MISC{edward-snowden-quote,
    HOWPUBLISHED = "\url{https://www.quotescosmos.com/quotes/Edward-Snowden-quote-1.html}",
    AUTHOR = "Quotes Cosmos",
    TITLE = "Edward Snowden Quotes",
}
@MISC{rms-quotes:1,
    HOWPUBLISHED = "\url{https://www.azquotes.com/quote/755261}",
    AUTHOR = "Quotes Cosmos",
    TITLE = "Richard Stallman Quotes",
}

@MISC{rms-quotes:2,
    HOWPUBLISHED = "\url{https://www.azquotes.com/quote/1216741}",
    AUTHOR = "Quotes Cosmos",
    TITLE = "Richard Stallman Quotes",
}

@MISC{pngegg,
    HOWPUBLISHED = "\url{https://www.pngegg.com}",
    AUTHOR = "PNG Egg",
    TITLE = "Icons of softwares",
}
