@MISC{rust-website,
    HOWPUBLISHED = "\url{https://www.rust-lang.org}",
    AUTHOR = "Rust",
    TITLE = "Rust Website",
}

@MISC{pngwing,
    HOWPUBLISHED = "\url{https://www.pngwing.com}",
    AUTHOR = "PNGWING",
    TITLE = "Rust Icon",
}


@Book{rust-book,
    title = {The Rust Programming Language},
    author = {Steve Klabnik and Carol Nichols},
    isbn = {9781718503106},
    series = {International series of monographs on physics},
    year = {2022},
    publisher = {William Pollock},
}
