@misc{rfc6568,
    series =    {Request for Comments},
    number =    6568,
    howpublished =  {RFC 6568},
    publisher = {RFC Editor},
    doi =       {10.17487/RFC6568},
    url =       {https://www.rfc-editor.org/info/rfc6568},
    author =    {Eunsook Kim and Dominik Kaspar and JP Vasseur},
    title =     {{Design and Application Spaces for IPv6 over Low-Power Wireless Personal Area Networks (6LoWPANs)}},
    pagetotal = 28,
    year =      2012,
    month =     apr,
    abstract =  {This document investigates potential application scenarios and use cases for low-power wireless personal area networks (LoWPANs). This document provides dimensions of design space for LoWPAN applications. A list of use cases and market domains that may benefit and motivate the work currently done in the 6LoWPAN Working Group is provided with the characteristics of each dimension. A complete list of practical use cases is not the goal of this document. This document is not an Internet Standards Track specification; it is published for informational purposes.},
}

@ARTICLE{9144691,
  author={},
  journal={IEEE Std 802.15.4-2020 (Revision of IEEE Std 802.15.4-2015)},
  title={IEEE Standard for Low-Rate Wireless Networks},
  year={2020},
  volume={},
  number={},
  pages={1-800},
  keywords={IEEE Standards;Wireless networks;Wireless persaonal area networks;Radio frequency;Personal area networks;Ad hoc networks;Low power electronics;ad hoc network;IEEE 802.15.4;low data rate;low power;LR-WPAN;mobility;PAN;personal area network;radio frequency;RF;short range;wireless;wireless network;wireless personal area network;WPAN},
  doi={10.1109/IEEESTD.2020.9144691}
}

@misc{imote2cmt,
    url={http://www.cmt-gmbh.de/Produkte/WirelessSensorNetworks/Imote2.html},
    journal={Wireless Sensor Networks :: IMOTE2},
    title={Wireless Sensor Networks: IMOTE2}
}
@misc{imote2illinois,
    url={http://shm.cs.illinois.edu/files/docs/Imote2forSHM_UsersGuide.pdf},
    journal={Imote2 for structural health monitoring: User’s Guide - Illinois ...},
    title={Imote2 for structural health monitoring: User’s Guide}
}

@misc{rfc4919,
    series =    {Request for Comments},
    number =    4919,
    howpublished =  {RFC 4919},
    publisher = {RFC Editor},
    doi =       {10.17487/RFC4919},
    url =       {https://www.rfc-editor.org/info/rfc4919},
    author =    {Gabriel Montenegro and Christian Schumacher and Nandakishore Kushalnagar},
    title =     {{IPv6 over Low-Power Wireless Personal Area Networks (6LoWPANs): Overview, Assumptions, Problem Statement, and Goals}},
    pagetotal = 12,
    year =      2007,
    month =     aug,
    abstract =  {This document describes the assumptions, problem statement, and goals for transmitting IP over IEEE 802.15.4 networks. The set of goals enumerated in this document form an initial set only. This memo provides information for the Internet community.},
}
@misc{IETF,
    url={https://www.ietf.org/logo/},
    journal={IETF},
    title={The IETF Logo}
}

@article{olsson20146lowpan,
  title={6LoWPAN demystified},
  author={Olsson, Jonas},
  journal={Texas Instruments},
  volume={13},
  pages={1--13},
  year={2014}
}
@misc{LIFX,
    url={https://www.lifx.com/},
    journal={LIFX},
    title={LIFX LED Bulbs}
}
@misc{tado-Smart-Thermostat,
    url={https://www.tado.com/no-en/smart-thermostat},
    journal={tado° Smart Thermostat},
    title={tado° Smart Thermostat}
}
@misc{Jonahtjw_2019,
    title={Dangers of seniors living alone.},
    url={https://vertexmobility.com.sg/dangers-of-seniors-living-alone/},
    journal={Vertex Mobility},
    author={Jonahtjw},
    year={2019},
    month={Jan}
}

@misc{cc2538,
    title={CC2538 data sheet product information and support | TI.com},
    url={https://www.ti.com/product/CC2538},
    journal={CC2538 data sheet product information and support | TI.com}
}
